<record xmlns="http://www.loc.gov/MARC21/slim" xmlns:xsi="http://www.w3.org/2001/XMLSchema-instance" xsi:schemaLocation="http://www.loc.gov/MARC21/slim http://www.loc.gov/standards/marcxml/schema/MARC21slim.xsd"><leader>00691cz   2200241n  4500</leader><controlfield tag="001">oca00097089 </controlfield><controlfield tag="005">20021031164420.0</controlfield><controlfield tag="008">801111n| acannaabn          |a aaa      </controlfield><datafield ind1=" " ind2=" " tag="010"><subfield code="a">n  50062731 </subfield></datafield><datafield ind1=" " ind2=" " tag="040"><subfield code="a">DLC</subfield><subfield code="c">DLC</subfield><subfield code="d">DLC</subfield><subfield code="d">CSt-HC</subfield><subfield code="d">DLC</subfield></datafield><datafield ind1="0" ind2=" " tag="100"><subfield code="a">Hesiod</subfield></datafield><datafield ind1="0" ind2=" " tag="400"><subfield code="a">Gesiod</subfield></datafield><datafield ind1="0" ind2=" " tag="400"><subfield code="a">Geziod</subfield></datafield><datafield ind1="0" ind2=" " tag="400"><subfield code="a">Esiodo</subfield></datafield><datafield ind1="0" ind2=" " tag="400"><subfield code="a">Hēsiodos</subfield></datafield><datafield ind1="0" ind2=" " tag="400"><subfield code="a">Hezjod</subfield></datafield><datafield ind1="0" ind2=" " tag="400"><subfield code="a">Hesiodus</subfield><subfield code="w">nna</subfield></datafield><datafield ind1="0" ind2=" " tag="400"><subfield code="a">Hésiode</subfield></datafield><datafield ind1="0" ind2=" " tag="400"><subfield code="a">Hesíodo</subfield></datafield><datafield ind1="0" ind2=" " tag="400"><subfield code="a">Hesiyodos</subfield></datafield><datafield ind1=" " ind2=" " tag="670"><subfield code="a">Bonnafé, A. Eros et Eris, c1985:</subfield><subfield code="b">t.p. (Hésiode)</subfield></datafield><datafield ind1=" " ind2=" " tag="670"><subfield code="a">Fernández Delgado, J.A. Los oráculos y Hesíodo, 1986:</subfield><subfield code="b">t.p. (Hesíodo)</subfield></datafield><datafield ind1=" " ind2=" " tag="670"><subfield code="a">Maʻaśim ṿe-yamim ... 1956:</subfield><subfield code="b">t.p. (Hesiyodos [voc.])</subfield></datafield></record>